<record><leader>00000cas a22000007a 4500</leader><controlfield tag="001">19290297</controlfield><controlfield tag="008">890302d18531853ohuwr ne      0    0eng d</controlfield><datafield ind1=" " ind2=" " tag="010"><subfield code="a">sn 89076143 </subfield></datafield><datafield ind1=" " ind2=" " tag="040"><subfield code="a">ONP</subfield><subfield code="b">eng</subfield><subfield code="c">ONP</subfield><subfield code="d">OCLCQ</subfield></datafield><datafield ind1=" " ind2=" " tag="042"><subfield code="a">msc</subfield></datafield><datafield ind1="0" ind2="0" tag="245"><subfield code="a">Hocking County star.</subfield></datafield><datafield ind1=" " ind2=" " tag="260"><subfield code="a">Logan, Hocking County, Ohio :</subfield><subfield code="b">Jas. K. Rochester,</subfield><subfield code="c">1853.</subfield></datafield><datafield ind1=" " ind2=" " tag="310"><subfield code="a">Weekly</subfield></datafield><datafield ind1="0" ind2=" " tag="362"><subfield code="a">Vol. 1, no. 23 (Jan. 7, 1853)-v. 1, no. 40 (May 6, 1853).</subfield></datafield><datafield ind1=" " ind2=" " tag="752"><subfield code="a">United States</subfield><subfield code="b">Ohio</subfield><subfield code="c">Hocking</subfield><subfield code="d">Logan.</subfield></datafield><datafield ind1="0" ind2="0" tag="780"><subfield code="t">Morning star (Logan, Ohio)</subfield><subfield code="w">(DLC)sn 85026111</subfield></datafield><datafield ind1="0" ind2="4" tag="785"><subfield code="t">Hocking sentinel (Logan, Ohio : 1842)</subfield><subfield code="w">(DLC)sn 85038117</subfield></datafield></record>